<collection xmlns="http://www.loc.gov/MARC21/slim">
<record>
  <leader>01125nam0a22001811i 450 </leader>
  <controlfield tag="001">IT\ICCU\CNCE\065712</controlfield>
  <controlfield tag="005">20060809000000.0</controlfield>
  <datafield tag="012" ind1=" " ind2=" ">
    <subfield code="a">ter- a,la toni fldo (C) 1546 (Q)</subfield>
    <subfield code="2">fei</subfield>
  </datafield>
  <datafield tag="100" ind1=" " ind2=" ">
    <subfield code="a">20060727f1546        0itac0103    ba</subfield>
  </datafield>
  <datafield tag="101" ind1=" " ind2=" ">
    <subfield code="a">ITA</subfield>
  </datafield>
  <datafield tag="102" ind1=" " ind2=" ">
    <subfield code="a">IT</subfield>
  </datafield>
  <datafield tag="200" ind1="1" ind2=" ">
    <subfield code="a">℗La ℗declaratione de le citta famose d&apos;Italia, &amp; de molte altre piu notabile del mondo con la descriptione della longheza &amp; largheza de Italia, &amp; di soi confini, &amp; li particulari de tutte le sue prouincie, &amp; similmente de la Lombardia, &amp; il principio del regno del Longobardi con il modo, &amp; l&apos;ordine de la elettione de li imperatori. Item la discrittione de l&apos;Africa Asia &amp; Europa con la particularita de li termini, &amp; confini suoi</subfield>
  </datafield>
  <datafield tag="210" ind1=" " ind2=" ">
    <subfield code="e">Ad instantia de Claudio Varisco de Lorena</subfield>
    <subfield code="h">deltto il francese</subfield>
  </datafield>
  <datafield tag="215" ind1=" " ind2=" ">
    <subfield code="a">\24! c.</subfield>
    <subfield code="d">12℗ð</subfield>
  </datafield>
  <datafield tag="300" ind1=" " ind2=" ">
    <subfield code="a">ANNULLATA  !!!!!  vedi 49267Pubblicato probabilmente in Italia, nel 1546, data del testo. Cfr. EDIT16 CNCE 49267. -  Rom. -  Segn.: A-B℗£℗ø. -  Iniziale xil</subfield>
  </datafield>
  <datafield tag="712" ind1="0" ind2="0">
    <subfield code="a">Varico, Claudio</subfield>
    <subfield code="3">IT\ICCU\CNCT\003551</subfield>
    <subfield code="4">650</subfield>
  </datafield>
  <datafield tag="801" ind1=" " ind2="3">
    <subfield code="a">IT</subfield>
    <subfield code="b">ICCU</subfield>
    <subfield code="c">20201115</subfield>
  </datafield>
  <datafield tag="899" ind1=" " ind2=" ">
    <subfield code="a">Biblioteca nazionale centrale. Roma</subfield>
    <subfield code="1">RM0267</subfield>
    <subfield code="2">BVE CR</subfield>
  </datafield>
</record>
</collection>
